<collection xmlns="http://www.loc.gov/MARC21/slim">
<record>
  <leader>00775nam0a22002051i 450 </leader>
  <controlfield tag="001">IT\ICCU\CNCE\052126</controlfield>
  <controlfield tag="005">20010704000000.0</controlfield>
  <datafield tag="100" ind1=" " ind2=" ">
    <subfield code="a">20010622d1593        0itac0103    ba</subfield>
  </datafield>
  <datafield tag="101" ind1=" " ind2=" ">
    <subfield code="a">LAT</subfield>
  </datafield>
  <datafield tag="102" ind1=" " ind2=" ">
    <subfield code="a">IT</subfield>
  </datafield>
  <datafield tag="200" ind1="1" ind2=" ">
    <subfield code="a">Tractatus criminalis D. Tiberii Deciani Vtinensis, ... duobusque tomis distinctus ...</subfield>
  </datafield>
  <datafield tag="210" ind1=" " ind2=" ">
    <subfield code="a">Augustae Taurinorum</subfield>
    <subfield code="c">apud haeredem Nicolai Beuilaquae</subfield>
    <subfield code="d">1593</subfield>
  </datafield>
  <datafield tag="215" ind1=" " ind2=" ">
    <subfield code="a">2 v.</subfield>
    <subfield code="d">fol</subfield>
  </datafield>
  <datafield tag="620" ind1=" " ind2=" ">
    <subfield code="a">IT</subfield>
    <subfield code="d">Torino</subfield>
  </datafield>
  <datafield tag="700" ind1=" " ind2="1">
    <subfield code="a">Deciani,</subfield>
    <subfield code="b">Tiberio</subfield>
    <subfield code="3">IT\ICCU\CNCA\004658</subfield>
  </datafield>
  <datafield tag="712" ind1="0" ind2="0">
    <subfield code="a">Bevilacqua, Niccol ̣- erede</subfield>
    <subfield code="3">IT\ICCU\CNCT\001601</subfield>
    <subfield code="4">650</subfield>
  </datafield>
  <datafield tag="790" ind1=" " ind2="1">
    <subfield code="a">Deciano,</subfield>
    <subfield code="b">Tiberio</subfield>
    <subfield code="3">IT\ICCU\CNCA\015309</subfield>
    <subfield code="z">Deciani, Tiberio</subfield>
  </datafield>
  <datafield tag="790" ind1=" " ind2="1">
    <subfield code="a">Decianus,</subfield>
    <subfield code="b">Tiberius</subfield>
    <subfield code="3">IT\ICCU\CNCA\018411</subfield>
    <subfield code="z">Deciani, Tiberio</subfield>
  </datafield>
  <datafield tag="801" ind1=" " ind2="3">
    <subfield code="a">IT</subfield>
    <subfield code="b">ICCU</subfield>
    <subfield code="c">20201115</subfield>
  </datafield>
  <datafield tag="899" ind1=" " ind2=" ">
    <subfield code="a">Biblioteca civica. Cuneo</subfield>
    <subfield code="1">CN0037</subfield>
    <subfield code="2">TO0 50</subfield>
  </datafield>
</record>
</collection>
